<?xml version="1.0" encoding="UTF-8"?><collection xmlns="http://www.loc.gov/MARC21/slim"><record><leader>00352nam--2200121-i-4500</leader><controlfield tag="001">000027513</controlfield><controlfield tag="002">20161230</controlfield><controlfield tag="005">20161230201036</controlfield><controlfield tag="008">060222s1000------------r-----000-0-eng-d</controlfield><datafield ind1=" " ind2=" " tag="100"><subfield code="a">Kossler, Ivo</subfield></datafield><datafield ind1=" " ind2=" " tag="245"><subfield code="a">Methoden der infrarot-spektroskopie in der chemischen analyse. quantitative anasyse</subfield></datafield><datafield ind1=" " ind2=" " tag="260"><subfield code="a">Leipzig, Geest &amp; Portig, 1966. 248p</subfield></datafield><datafield ind1=" " ind2=" " tag="852"><subfield code="a">24778</subfield></datafield></record></collection>